

@incollection{Powers2001,
  title = {Mode},
  booktitle = {Grove Music Online},
  author = {Powers, Harold S. and Wiering, Frans and Porter, James and Cowdery, James and Widdess, Richard and Davis, Ruth and Perlman, Marc and Jones, Stephen and Marett, Allan},
  year = {2001},
  publisher = {Oxford University Press},
  doi = {10.1093/gmo/9781561592630.article.43718},
  url={https://doi.org/10.1093/gmo/9781561592630.article.43718}
}


@inproceedings{Chordia2007,
  title = {Raag Recognition Using Pitch-Class and Pitch-Class Dyad Distributions},
  author = {Chordia, Parag and Rae, Alex},
  year = {2007},
  booktitle = {Proceedings of the 8th International Society for Music Information Retrieval Conference},
  pages={431--436},
}


@inproceedings{Gulati2016a,
  title = {Phrase-Based R{\~a}ga Recognition Using Vector Space Modeling},
  booktitle = {2016 {{IEEE International Conference}} on {{Acoustics}}, {{Speech}} and {{Signal Processing}} ({{ICASSP}})},
  author = {Gulati, Sankalp and Serra, Joan and Ishwar, Vignesh and Senturk, Sertan and Serra, Xavier},
  year = {2016},
  pages = {66--70},
  address = {{Shanghai}},
  doi = {10/gf97b2},
  isbn = {978-1-4799-9988-0},
}


@inproceedings{Unal2012,
  title = {N-Gram Based Statistical Makam Detection on Makam Music in {Turkey} Using Symbolic Data},
  booktitle = {Proceedings of the 13th International Conference on Music Information Retrieval},
  author = {{\"U}nal, Erdem and Bozkurt, Bar\i{\c s} and Karaosmano{\u g}lu, M. Kemal},
  year = {2012},
  pages={43–48}
}


@article{Atalay2020,
  title = {Pitch Distribution, Melodic Contour or Both? Modeling Makam Schema with Multidimensional Scaling and Self-Organizing Maps},
  shorttitle = {Pitch Distribution, Melodic Contour or Both?},
  author = {Atalay, Nart Bedin and Y{\"o}re, Seyit},
  year = {2020},
  month = jan,
  volume = {56},
  pages = {100746},
  issn = {0732118X},
  doi = {10/gf97gs},
  journal = {New Ideas in Psychology},
  language = {en}
}


@inproceedings{Abdoli2011,
  title = {Iranian Traditional Music Dastgah Classification},
  booktitle = {Proceedings of the 12th International Conference on Music Information Retrieval},
  author = {Abdoli, Sajjad},
  year = {2011},
  pages = {275--280},
}



@inproceedings{Heydarian2019,
  title = {Dastg\`ah Recognition in Iranian Music: Different Features and Optimized Parameters},
  booktitle = {Proceedings of the 6th International Conference on Digital Libraries for Musicology},
  author = {Heydarian, Peyman and Bainbridge, David},
  year = {2019},
  pages = {53--57},
  publisher = {ACM Press},
  address = {The Hague, the Netherlands},
  doi = {10/ggcrd4},
  isbn = {978-1-4503-7239-8},
}


@inproceedings{McKay2015,
  title = {Building an Infrastructure for a 21st-Century Global Music Library},
  booktitle = {Proceedings of the 16th International Conference on Music Information Retrieval Late Breaking and Demo Papers},
  year = {2015},
  author = {McKay, Cory and Fujinaga, Ichiro},
}

@article{Helsen2014,
  title = {Optical Music Recognition and Manuscript Chant Sources},
  volume = {42},
  issn = {0306-1078, 1741-7260},
  doi = {10/gfx9sv},
  number = {4},
  journal = {Early Music},
  urlyear = {2019-04-11},
  year = {2014},
  pages = {555-558},
  author = {Helsen, K. and Bain, J. and Fujinaga, I. and Hankinson, A. and Lacoste, D.},
}


@inproceedings{Panteli2013,
  title = {A Computational Comparison of Theory and Practice of Scale Intonation in {Byzantine} Chant},
  booktitle = {Proceedings of the 14th International Conference on Music Information Retrieval},
  year = {2013},
  pages = {169--174},
  author = {Panteli, Maria and Purwins, Hendrik},
}



@inproceedings{vanKranenburg2011,
  title = {A Computational Investigation of Melodic Contour Stability in {Jewish Torah} Trope Performance Traditions},
  booktitle = {Proceedings of the 12th International Conference on Music Information Retrieval},
  year = {2011},
  pages = {163-168},
  author = {van Kranenburg, Peter and Biro, Daniel Peter and Ness, Steven and Tzanetakis, George},
}


@inproceedings{vanKranenburg2017,
  title = {Comparing Offertory Melodies of Five Medieval {Christian} Chant Traditions},
  booktitle = {Proceedings of the 18th International Conference on Music Information Retrieval},
  year = {2017},
  pages = {163--168},
  author = {van Kranenburg, Peter and Maessen, Geert},
  options = {useprefix=true},
}


@article{Huron2006a,
  title = {A Cognitive Approach to Medieval Mode: Evidence for an Historical Antecedent to the Major/Minor System},
  shorttitle = {A Cognitive Approach to Medieval Mode},
  author = {Huron, David and Veltman, Joshua},
  year = {2006},
  volume = {1},
  number = {1},
  pages = {33--55},
  issn = {15595749},
  doi = {10/ggbgdc},
  journal = {Empirical Musicology Review}
}


@article{Wiering2006,
  title = {Comment on {Huron} and {Veltman}: Does a Cognitive Approach to Medieval Mode Make Sense?},
  shorttitle = {Comment on {{Huron}} and {{Veltman}}},
  author = {Wiering, Frans},
  year = {2006},
  volume = {1},
  number = {1},
  pages = {56--60},
  issn = {15595749},
  doi = {10/ggbgd2},
  journal = {Empirical Musicology Review}
}


@book{Jeffery1992,
  location = {Chicago and London},
  title = {Re-Envisioning Past Musical Cultures: Ethnomusicology in the Study of {Gregorian} Chant},
  isbn = {0-226-39579-0},
  series = {Chicago Studies in Ethnomusicology},
  publisher = {University of Chicago Press},
  year = {1992},
  author = {Jeffery, Peter}
}


@incollection{Kelly2018,
  location = {Cambridge},
  title = {Notation {{I}}},
  volume = {1},
  volumes = {2},
  booktitle = {The Cambridge History of Medieval Music},
  publisher = {Cambridge University Press},
  year = {2018},
  pages = {236--262},
  author = {Kelly, Thomas Forrest},
}


@book{Hiley2009,
  location = {{Cambridge}},
  title = {Gregorian Chant},
  isbn = {978-0-511-80784-8},
  publisher = {Cambridge University Press},
  urlyear = {2019-04-11},
  year = {2009},
  author = {Hiley, David},
  doi = {10.1017/CBO9780511807848}
}


@misc{Cantus,
  author={Lacoste, Debra and Bailey, Terence and Steiner, Ruth and Koláček, Jan},
  year={1987-2019},
  title={Cantus: A Database for {Latin} Ecclesiastical Chant},
  howpublished={\url{http://cantus.uwaterloo.ca/}},
  note={Directed by Debra Lacoste (2011-), Terence Bailey (1997-2010), and Ruth Steiner (1987-1996). Web developer, Jan Koláček (2011-).}
}


@article{Helsen2011,
  title = {A Report on the Encoding of Melodic Incipits in the {Cantus} Database with the Music Font `{Volpiano}'},
  author = {Helsen, Kate and Lacoste, Debra},
  year = {2011},
  month = apr,
  volume = {20},
  pages = {51--65},
  issn = {0961-1371, 1474-0087},
  doi = {10/bptj5d},
  journal = {Plainsong and Medieval Music},
  language = {en},
  number = {01}
}


@article{Breiman2001,
  title = {Random Forests},
  volume = {45},
  issn = {08856125},
  doi = {10/d8zjwq},
  number = {1},
  journal = {Machine Learning},
  urlyear = {2019-04-12},
  year = {2001},
  pages = {5-32},
  author = {Breiman, Leo},
}


@article{scikit-learn,
 title={Scikit-learn: Machine Learning in {Python}},
 author={Pedregosa, F. and Varoquaux, G. and Gramfort, A. and Michel, V.
         and Thirion, B. and Grisel, O. and Blondel, M. and Prettenhofer, P.
         and Weiss, R. and Dubourg, V. and Vanderplas, J. and Passos, A. and
         Cournapeau, D. and Brucher, M. and Perrot, M. and Duchesnay, E.},
 journal={Journal of Machine Learning Research},
 volume={12},
 pages={2825--2830},
 year={2011}
}


@article{Volk2012,
  title = {Melodic Similarity among Folk Songs: An Annotation Study on Similarity-Based Categorization in Music},
  shorttitle = {Melodic Similarity among Folk Songs},
  author = {Volk, Anja and {van Kranenburg}, Peter},
  year = {2012},
  volume = {16},
  pages = {317--339},
  issn = {1029-8649, 2045-4147},
  doi = {10/gfjz62},
  journal = {Musicæ Scientiæ},
  keywords = {Printed},
  language = {en},
  number = {3}
}


@article{Janssen2017a,
  title = {Finding Occurrences of Melodic Segments in Folk Songs Employing Symbolic Similarity Measures},
  volume = {46},
  issn = {0929-8215, 1744-5027},
  doi = {10/gfn44g},
  number = {2},
  journal = {Journal of New Music Research},
  year = {2017},
  pages = {118--134},
  author = {Janssen, Berit and van Kranenburg, Peter and Volk, Anja},
  options = {useprefix=true},
}



@inproceedings{Nuttall2019,
  title = {Contributing to New Musicological Theories with Computational Methods: The Case of Centonization in {Arab}-{Andalusian} Music},
  booktitle = {Proceedings of the 20th International Conference on Music Information Retrieval},
  author = {Nuttall, Thomas and Casado, Miguel Garc{\'i}a and Tarifa, V{\'i}ctor N{\'u}{\~n}ez and Repetto, Rafael Caro and Serra, Xavier},
  year = {2019},
  pages = {223--228},
}
